@book{stroustrup2013cpp,
  title={The C++ programming language},
  author={Stroustrup, Bjarne},
  year={2013},
  publisher={Pearson Education}
}
