@book{aho2007compilers,
  title={Compilers: Principles, Techniques, \& Tools},
  author={Aho, A.V.},
  isbn={9780321486813},
  lccn={2006024333},
  url={https://books.google.com/books?id=dIU_AQAAIAAJ},
  year={2007},
  publisher={Pearson/Addison Wesley}
}

@book{nystrom2021crafting,
  title={Crafting Interpreters},
  author={Nystrom, R.},
  isbn={9780990582946},
  url={https://books.google.com/books?id=q0c6EAAAQBAJ},
  year={2021},
  publisher={Genever Benning}
}

@misc{tpu,
    title = {Tensor Processing Unit},
    url = {https://en.wikipedia.org/wiki/Tensor_Processing_Unit},
}