@book{aho2014compilers,
  title={Compilers: Principles, Techniques, and Tools},
  author={Aho, A.V.},
  isbn={9781292024349},
  series={Always Learning},
  url={https://books.google.com/books?id=HzCrngEACAAJ},
  year={2014},
  publisher={Pearson}
}

@book{nystrom2021crafting,
  title={Crafting Interpreters},
  author={Nystrom, R.},
  isbn={9780990582946},
  url={https://books.google.com/books?id=q0c6EAAAQBAJ},
  year={2021},
  publisher={Genever Benning}
}
